@inproceedings{menychtas2013enabling,
  title={{Enabling OS Research by Inferring Interactions in the Black-Box GPU Stack.}},
  author={Menychtas, Konstantinos and Shen, Kai and Scott, Michael L},
  booktitle={Proc. USENIX ATC},
  pages={291--296},
  year={2013}
}

@inproceedings{neon,
  title={{Disengaged Scheduling for Fair, Protected Access to Fast Computational Accelerators.}},
  author={Menychtas, Konstantinos and Shen, Kai and Scott, Michael L},
  booktitle={Proc. ASPLOS},
  pages={301--316},
  year={2014}
}

@Misc{nvidia:cuda_zone,
  howpublished = {\url{https://developer.nvidia.com/category /zone/cuda-zone}},
  note = {Accessed January 12, 2015},
  title={{CUDA Zone}},
}
@article{opencl,
  author = {Stone, John E. and Gohara, David and Shi, Guochun},
  title={{OpenCL: A Parallel Programming Standard for Heterogeneous Computing Systems}},
  journal = IEEE_M_DTC,
  issue_date = {May 2010},
  volume = {12},
  number = {3},
  year = {2010},
  issn = {0740-7475},
  pages = {66--73},
  numpages = {8},
  doi = {10.1109/MCSE.2010.69},
  acmid = {1803953},
  publisher = {IEEE Computer Society Press},
} 

@Misc{nouveau,
  howpublished = {\url{http://nouveau.freedesktop.org/wiki/}},
  note = {Accessed January 12, 2015},
  title={{Nouveau}}
}

@Misc{opengl,
  author = {Khronos group},
  howpublished = {\url{https://www.opengl.org/}},
    note = {Accessed January 12, 2015},
    title= {{OpenGL}}
}

