@inproceedings{kato2013zero,
  title={Zero-copy I/O processing for low-latency GPU computing},
  author={Kato, Shinpei and Aumiller, Jason and Brandt, Scott},
  booktitle={Proceedings of the ACM/IEEE 4th International Conference on Cyber-Physical Systems},
  pages={170--178},
  year={2013},
  organization={ACM}
}



@inproceedings{bakkum:sql,
  title={Accelerating SQL database operations on a GPU with CUDA},
  author={Bakkum, Peter and Skadron, Kevin},
  booktitle={Proceedings of the 3rd Workshop on General-Purpose Computation on Graphics Processing Units},
  pages={94--103},
  year={2010},
  organization={ACM}
}


@article{tokamak,
  title={Fast, multi-channel real-time processing of signals with microsecond latency using graphics processing units},
  author={Rath, N and Kato, S and Levesque, JP and Mauel, ME and Navratil, GA and Peng, Q},
  journal={Review of Scientific Instruments},
  volume={85},
  number={4},
  pages={045114},
  year={2014},
  publisher={AIP Publishing}
}


@inproceedings{hirabayashi:cpsna2013,
  title={GPU implementations of object detection using HOG features and deformable models},
  author={Hirabayashi, Manato and Kato, Shinpei and Edahiro, Masato and Takeda, Kazuya and Kawano, Taiki and Mita, Seiichi},
  booktitle={Cyber-Physical Systems, Networks, and Applications (CPSNA), 2013 IEEE 1st International Conference on},
  pages={106--111},
  year={2013},
  organization={IEEE}
}

@INPROCEEDINGS{cmu:routing, 
  author={McNaughton, M. and Urmson, C. and Dolan, J.M. and Jin-Woo Lee}, 
  booktitle={Robotics and Automation (ICRA), 2011 IEEE International Conference on}, 
  title={Motion planning for autonomous driving with a conformal spatiotemporal lattice}, 
  year={2011}, 
  month={May}, 
  pages={4889-4895}, 
  doi={10.1109/ICRA.2011.5980223}, 
  ISSN={1050-4729},
}

@inproceedings{rodinia,
  title={Rodinia: A benchmark suite for heterogeneous computing},
  author={Che, Shuai and Boyer, Michael and Meng, Jiayuan and Tarjan, David and Sheaffer, Jeremy W and Lee, Sang-Ha and Skadron, Kevin},
  booktitle={Workload Characterization, 2009. IISWC 2009. IEEE International Symposium on},
  pages={44--54},
  year={2009},
  organization={IEEE}
}
