@INPROCEEDINGS{basaran:preemptive, 
  author={Basaran, C. and Kyoung-Don Kang}, 
  booktitle={Proc. ECRTS},
  title={Supporting Preemptive Task Executions and Memory Copies in {GPGPUs}}, 
  pages={287-296}, 
  year={2012}, 
}

@inproceedings{kato:timegraph,
  title={{TimeGraph: GPU scheduling for real-time multi-tasking environments}},
  author={Kato, Shinpei and Lakshmanan, Karthik and Rajkumar, Ragunathan Raj and Ishikawa, Yutaka},
  booktitle={Proc. USENIC ATC},
  pages={17},
  year={2011}
}

@inproceedings{fujii:apsys2013,
  title={Exploring microcontrollers in {GPUs}},
  author={Fujii, Yusuke and Azumi, Takuya and Nishio, Nobuhiko and Kato, Shinpei},
  booktitle={Proc. APSys},
  pages={2},
  year={2013},
  organization={ACM}
}

@inproceedings{fujii:icpads2013,
  title={{Data transfer matters for GPU computing}},
  author={Fujii, Yusuke and Azumi, Takuya and Nishio, Nobuhiko and Kato, Shinpei and Edahiro, Masato},
  booktitle={Proc. ICPADS},
  pages={275--282},
  year={2013},
  organization={IEEE}
}




@inproceedings{kato:rtas2011,
  title={{Resource sharing in GPU-accelerated windowing systems}},
  author={Kato, Shinpei and Lakshmanan, Karthik and Ishikawa, Yutaka and Rajkumar, Ragunathan},
  booktitle={Proc. RTAS},
  pages={191--200},
  year={2011},
  organization={IEEE}
}


@inproceedings{kato:rgem,
  title={{RGEM: A responsive GPGPU execution model for runtime engines}},
  author={Kato, Shinpei and Lakshmanan, Karthik and Kumar, Aman and Kelkar, Mihir and Ishikawa, Yutaka and Rajkumar, Ragunathan},
  booktitle={Proc. RTSS},
  pages={57--66},
  year={2011},
  organization={IEEE}
}
@inproceedings{kato:gdev,
  title={Gdev: First-Class {GPU} Resource Management in the Operating System.},
  author={Kato, Shinpei and McThrow, Michael and Maltzahn, Carlos and Brandt, Scott A},
  booktitle={Proc. USENIX ATC},
  pages={401--412},
  year={2012}
}
@inproceedings{ptask,
  title={{PTask: Operating system abstractions to manage GPUs as compute devices}},
  author={Rossbach, Christopher J and Currey, Jon and Silberstein, Mark and Ray, Baishakhi and Witchel, Emmett},
  booktitle={Proc. SOSP},
  pages={233--248},
  year={2011},
  organization={ACM}
}

@inproceedings{elliott:explor14,
  title={Exploring the Multitude of Real-Time Multi-{GPU} Configurations},
  author={Elliott, Glenn A and Anderson, James H},
  booktitle={Proc. RTSS},
  year={2014},
  organization={IEEE}
}

@inproceedings{elliott:gpusync13,
  title={{GPUSync: A framework for real-time GPU management}},
  author={Elliott, Glenn A and Ward, Bryan C and Anderson, James H},
  booktitle={Proc. RTSS},
  pages={33--44},
  year={2013},
  organization={IEEE}
}

@techreport{sparc,
  title={GPU-SPARC: Accelerating Parallelism in Multi-{GPU} Real-Time Systems},
  author={Han, Wookhyun and Bae, Hwidong and Kim, Hyosu and Lee, Jiyoen and Shin, Insik},
  booktitle={Tech. Rep. CS-TR-2014-391},
  year={2014},
}


##Elliot
@inproceedings{elliott2013gpusync,
  title={{GPUSync: A framework for real-time GPU management}},
  author={Elliott, Glenn A and Ward, Bryan C and Anderson, James H},
  booktitle={Proc. RTSS},
  pages={33--44},
  year={2013},
  organization={IEEE}
}

@inproceedings{elliott2012robust,
  title={{Robust real-time multiprocessor interrupt handling motivated by GPUs}},
  author={Elliott, Glenn A and Anderson, James H},
  booktitle={Proc. ECRTS},
  pages={267--276},
  year={2012},
}
