@INPROCEEDINGS{litmus, 
  author={Calandrino, J.M. and Leontyev, H. and Block, A. and Devi, U.C. and Anderson, J.H.}, 
  booktitle={Proc. RTSS},
  title={{$LITMUS^{RT}$} : A Testbed for Empirically Comparing Real-Time Multiprocessor Schedulers}, 
  pages={111-126}, 
  year={2006}, 
  ISSN={1052-8725},
}



