
## Kato

@inproceedings{kato2010airs,
  author = {Kato, Shinpei and Rajkumar, Ragunathan and Ishikawa, Yutaka},
  booktitle = {Real-Time Systems (ECRTS), 2010 22nd Euromicro Conference on},
  organization = {IEEE},
  pages = {47--56},
  title = {{Airs: Supporting interactive real-time applications on multicore platforms}},
  year = {2010}
}

@techreport{kato2009loadable,
  title={A loadable real-time scheduler suite for multicore platforms},
  author={Kato, Shinpei and Rajkumar, R and Ishikawa, Yutaka},
  year={2009},
  institution={Technical Report CMU-ECE-TR09-12, Tech. Rep}
}

##Elliot
@inproceedings{elliott2013gpusync,
  title={GPUSync: A framework for real-time GPU management},
  author={Elliott, Glenn A and Ward, Bryan C and Anderson, James H},
  booktitle={Real-Time Systems Symposium (RTSS), 2013 IEEE 34th},
  pages={33--44},
  year={2013},
  organization={IEEE}
}

