@article{sched:edf,
  title={{Scheduling algorithms for multiprogramming in a hard-real-time environment}},
      author={Liu, Chung Laung and Layland, James W},
        journal={Journal of the ACM (JACM)},
          volume={20},
            number={1},
              pages={46--61},
                year={1973},
                  publisher={ACM}
}

@inproceedings{rr:cbs,
    title={{Integrating multimedia applications in hard real-time systems}},
      author={Abeni, Luca and Buttazzo, Giorgio},
        booktitle={Real-Time Systems Symposium, 1998. Proceedings., The 19th IEEE},
          pages={4--13},
            year={1998},
              organization={IEEE}
}


@inproceedings{rr:tbs,
    title={{Efficient aperiodic service under earliest deadline scheduling}},
      author={Spuri, Marco and Buttazzo, Giorgio C},
        booktitle={Real-Time Systems Symposium, 1994., Proceedings.},
          pages={2--11},
            year={1994},
              organization={IEEE}
}

@article{rr:tbs2,
    title={{Scheduling aperiodic tasks in dynamic priority systems}},
      author={Spuri, Marco and Buttazzo, Giorgio},
        journal={Real-Time Systems},
          volume={10},
            number={2},
              pages={179--210},
                year={1996},
                  publisher={Springer}
}



@article{spring,
  title={{The spring kernel: A new paradigm for real-time systems}},
  author={Stankovic, John A. and Ramamritham, Krithi},
  journal={Software, IEEE},
  volume={8},
  number={3},
  pages={62--72},
  year={1991},
  publisher={IEEE}
}

@inproceedings{rk,
  title={{Resource kernels: A resource-centric approach to real-time and multimedia systems}},
  author={Rajkumar, Ragunathan and Juvva, Kanaka and Molano, Anastasio and Oikawa, Shuichi},
  booktitle={Photonics West'98 Electronic Imaging},
  pages={150--164},
  year={1997},
  organization={International Society for Optics and Photonics}
}

@article{itron,
  title={{Introduction to ITRON the industry-oriented operating system}},
  author={Monden, Hiroshi},
  journal={Micro, IEEE},
  volume={7},
  number={2},
  pages={45--52},
  year={1987},
  publisher={IEEE}
}



@inproceedings{redline,
  title={{Redline: First Class Support for Interactivity in Commodity Operating Systems.}},
  author={Yang, Ting and Liu, Tongping and Berger, Emery D and Kaplan, Scott F and Moss, J Eliot B},
  booktitle={OSDI},
  volume={8},
  pages={73--86},
  year={2008}
}


@inproceedings{prk,
  title={{Portable RK: A portable resource kernel for guaranteed and enforced timing behavior}},
  author={Oikawa, Shuichi and Rajkumar, Ragunathan},
  booktitle={Real-Time Technology and Applications Symposium, 1999. Proceedings of the Fifth IEEE},
  pages={111--120},
  year={1999},
  organization={IEEE}
}

@article{rtai,
  title={{RTAI: Real time application interface}},
  author={Mantegazza, Paolo and Dozio, EL and Papacharalambous, S},
  journal={Linux Journal},
  volume={2000},
  number={72es},
  pages={10},
  year={2000},
  publisher={Belltown Media}
}


@inproceedings{yodaiken1999rtlinux,
  title={{The rtlinux manifesto}},
  author={Yodaiken, Victor and others},
  booktitle={Proc. of the 5th Linux Expo},
  year={1999}
}




self-sus:1, self-sus:2
a
@inproceedings{self-sus:1,
  title={{Negative results for scheduling independent hard real-time tasks with self-suspensions}},
  author={Ridouard, Frederic and Richard, Pascal and Cottet, Francis},
  booktitle={Real-Time Systems Symposium, 2004. Proceedings. 25th IEEE International},
  pages={47--56},
  year={2004},
  organization={IEEE}
}

@inproceedings{self-sus:2,
  title={{Open problems in scheduling self-suspending tasks}},
  author={Lakshmanan, Karthik and Kato, Shinpei and Rajkumar, Ragunathan Raj},
  booktitle={Proc. Real-Time Scheduling Open Problems Seminar},
  year={2010}
}

@article{sched:rm,
  author = {Liu, C. L. and Layland, James W.},
  title = {Scheduling Algorithms for Multiprogramming in a Hard-Real-Time Environment},
  journal = {J. ACM},
  issue_date = {Jan. 1973},
  volume = {20},
  number = {1},
  month = jan,
  year = {1973},
  issn = {0004-5411},
  pages = {46--61},
  numpages = {16},
  url = {http://doi.acm.org/10.1145/321738.321743},
  doi = {10.1145/321738.321743},
  acmid = {321743},
  publisher = {ACM},
  address = {New York, NY, USA},
} 


@inproceedings{kato2010airs,
  author = {Kato, Shinpei and Rajkumar, Ragunathan and Ishikawa, Yutaka},
  booktitle = {Real-Time Systems (ECRTS), 2010 22nd Euromicro Conference on},
  organization = {IEEE},
  pages = {47--56},
  title = {{Airs: Supporting interactive real-time applications on multicore platforms}},
  year = {2010}
}

@techreport{kato2009loadable,
  title={{A loadable real-time scheduler suite for multicore platforms}},
  author={Kato, Shinpei and Rajkumar, R and Ishikawa, Yutaka},
  year={2009},
  institution={Technical Report CMU-ECE-TR09-12, Tech. Rep}
}

@inproceedings{chattopadhyay2014limited,
  title={{Limited-Preemption Scheduling on Multiprocessors}},
  author={Chattopadhyay, Bipasa and Baruah, Sanjoy},
  booktitle={Proceedings of the 22nd International Conference on Real-Time Networks and Systems},
  pages={225},
  year={2014},
  organization={ACM}
}

@inproceedings{kim2013segment,
  title={{Segment-Fixed Priority Scheduling for Self-Suspending Real-Time Tasks}},
  author={Kim, Junsung and Andersson, Bjorn and Niz, Dionisio de and Rajkumar, Ragunathan Raj},
  booktitle={Real-Time Systems Symposium (RTSS), 2013 IEEE 34th},
  pages={246--257},
  year={2013},
  organization={IEEE}
}




